@inproceedings{Hu2007_lr1,
    author = {Meiqun Hu and  Ee-Peng Lim and  Aixin Sun and  Hady Wirawan Lauw and  Ba-Quy Vuong},
    year = {2007},
    title = {Measuring article quality in wikipedia: models and evaluation},
    url = {https://dl.acm.org/doi/10.1145/1321440.1321476},
    booktitle = {CIKM '07: International Conference on Information and Knowledge Management},
}

@inproceedings{Wilkinson2007_lr2,
    author = {Dennis Wilkinson and  Bernardo Huberman},
    year = {2007},
    title = {Cooperation and quality in wikipedia},
    url = {https://dl.acm.org/doi/10.1145/1296951.1296968},
    booktitle = {WikiSym '07: International Symposium on Wikis},
}

@article{Liu2011_lr3,
    author = {Jun Liu and  Sudha Ram},
    year = {2011},
    title = {Who does what: Collaboration patterns in the wikipedia and their impact on article quality},
    url = {https://dl.acm.org/doi/10.1145/1985347.1985352},
    journal = {ACM Transactions on Management Information Systems},
    volume = {2},
    issue = {2},
    pages = {1-23},
}

@inproceedings{Blumenstock2008_lr4,
    author = {Joshua E. Blumenstock},
    year = {2008},
    title = {Size matters: word count as a measure of quality on wikipedia},
    url = {https://dl.acm.org/doi/10.1145/1367497.1367673},
    booktitle = {WWW '08: The Web Conference},
}

@inproceedings{Arazy2010_lr6,
    author = {Ofer Arazy and  Oded Nov},
    year = {2010},
    title = {Determinants of wikipedia quality: the roles of global and local contribution inequality},
    url = {https://dl.acm.org/doi/10.1145/1718918.1718963},
    booktitle = {CSCW '10: Conference on Computer Supported Cooperative Work},
}

@inproceedings{Calzada2010_lr8,
    author = {Gabriel De la Calzada and  Alex Dekhtyar},
    year = {2010},
    title = {On measuring the quality of Wikipedia articles},
    url = {https://dl.acm.org/doi/10.1145/1772938.1772943},
    booktitle = {WICOU '10: Workshop on Information Credibility on the Web},
}

@inproceedings{Wohner2009_lr10,
    author = {Thomas Wöhner and  Ralf Peters},
    year = {2009},
    title = {Assessing the quality of Wikipedia articles with lifecycle based metrics},
    url = {https://dl.acm.org/doi/10.1145/1641309.1641333},
    booktitle = {WikiSym '09: International Symposium on Wikis and Open Collaboration},
}

@inproceedings{Javanmardi2010_lr11,
    author = {Sara Javanmardi and  Cristina Lopes},
    year = {2010},
    title = {Statistical measure of quality in Wikipedia},
    url = {https://dl.acm.org/doi/10.1145/1964858.1964876},
    booktitle = {SOMA '10: Workshop on Social Media Analytics},
}

@inproceedings{Stvilia2005_lr12,
    author = {Besiki Stvilia and  Michael B. Twidale and  Les Gasser and  Linda C. Smith},
    year = {2005},
    title = {Information quality discussions in wikipedia},
    url = {https://www.researchgate.net/publication/200773232_Information_Quality_Discussions_in_Wikipedia},
    booktitle = {ICKM '05: International Conference on Knowledge Management},
}

@inproceedings{Warncke-Wang2013_lr13,
    author = {Morten Warncke-Wang and  Dan Cosley and  John Riedl},
    year = {2013},
    title = {Tell me more: an actionable quality model for Wikipedia},
    url = {https://dl.acm.org/doi/10.1145/2491055.2491063},
    booktitle = {WikiSym '13: International Symposium on Open Collaboration},
}

@inproceedings{Dalip2009_lr14,
    author = {Daniel Hasan Dalip and  Marcos André Gonçalves and  Marco Cristo and  Pável Calado},
    year = {2009},
    title = {Automatic quality assessment of content created collaboratively by web communities: a case study of wikipedia},
    url = {https://dl.acm.org/doi/10.1145/1555400.1555449},
    booktitle = {JCDL '09: ACM/IEEE Joint Conference on Digital Libraries},
}

@misc{Druck2008_lr15,
    author = {Gregory Druck and  Gerome Miklau and  Andrew McCallum},
    year = {2008},
    title = {Learning to Predict the Quality of Contributions to Wikipedia},
    url = {https://maroo.cs.umass.edu/getpdf.php?id=834},
}

@inproceedings{Dang2016_lr16,
    author = {Quang-Vinh Dang and  Claudia-Lavinia Ignat},
    year = {2016},
    title = {Measuring Quality of Collaboratively Edited Documents: The Case of Wikipedia},
    url = {https://ieeexplore.ieee.org/document/7809715},
    booktitle = {CIC '16: IEEE 2nd International Conference on Collaboration and Internet Computing},
}

@inproceedings{Anderka2012_lr17,
    author = {Maik Anderka and  Benno Stein and  Nedim Lipka},
    year = {2012},
    title = {Predicting quality flaws in user-generated content: the case of wikipedia},
    url = {https://dl.acm.org/doi/10.1145/2348283.2348413},
    booktitle = {SIGIR '12: International ACM SIGIR Conference on Research and Development in Information Retrieval},
}

@inproceedings{Lewoniewski2016_lr18,
    author = {Włodzimierz Lewoniewski and  Krzysztof Węcel and  Witold Abramowicz},
    year = {2016},
    title = {Quality and Importance of Wikipedia Articles in Different Languages},
    url = {https://link.springer.com/chapter/10.1007/978-3-319-46254-7_50},
    booktitle = {ICIST '16: International Conference on Information and Software Technologies},
}

@inproceedings{Halfaker2009_lr19,
    author = {Aaron L. Halfaker and  Aniket Kittur and  Robert Kraut and  John Riedl},
    year = {2009},
    title = {A jury of your peers: quality, experience and ownership in Wikipedia},
    url = {https://dl.acm.org/doi/10.1145/1641309.1641332},
    booktitle = {WikiSym '09: International Symposium on Wikis and Open Collaboration},
}

@inproceedings{Li2015_lr20,
    author = {Xinyi Li and  Jintao Tang and  Ting Wang and  Zhunchen Luo and  Maarten de Rijke},
    year = {2015},
    title = {Automatically Assessing Wikipedia Article Quality by Exploiting Article-Editor Networks},
    url = {https://link.springer.com/chapter/10.1007/978-3-319-16354-3_64},
    booktitle = {ECIR '15: European Conference on Information Retrieval},
}

@inproceedings{Halfaker2017_lr22,
    author = {Aaron L. Halfaker},
    year = {2017},
    title = {Interpolating Quality Dynamics in Wikipedia and Demonstrating the Keilana Effect},
    url = {https://dl.acm.org/doi/10.1145/3125433.3125475},
    booktitle = {OpenSym '17: International Symposium on Open Collaboration},
}

@inproceedings{Dang2017_lr23,
    author = {Quang-Vinh Dang and  Claudia-Lavinia Ignat},
    year = {2017},
    title = {An end-to-end learning solution for assessing the quality of Wikipedia articles},
    url = {https://dl.acm.org/doi/10.1145/3125433.3125448},
    booktitle = {OpenSym '17: International Symposium on Open Collaboration},
}

@inproceedings{Dang2016_lr24,
    author = {Quang-Vinh Dang and  Claudia-Lavinia Ignat},
    year = {2016},
    title = {Quality assessment of Wikipedia articles without feature engineering},
    url = {https://dl.acm.org/doi/10.1145/2910896.2910917},
    booktitle = {JCDL '16: ACM/IEEE Joint Conference on Digital Libraries},
}

@article{Ruprechter2020_lr25,
    author = {Thorsten Ruprechter and  Tiago Santos and  Denis Helic},
    year = {2020},
    title = {Relating Wikipedia article quality to edit behavior and link structure},
    url = {https://appliednetsci.springeropen.com/articles/10.1007/s41109-020-00305-y},
    journal = {Applied Network Science},
    volume = {5},
    issue = {61},
}

@article{Wang2020_lr26,
    author = {Ping Wang and  Xiaodan Li},
    year = {2020},
    title = {Assessing the quality of information on wikipedia: A deep‐learning approach},
    url = {https://asistdl.onlinelibrary.wiley.com/doi/10.1002/asi.24210},
    journal = {Journal of the Association for Information Science and Technology},
    volume = {71},
    issue = {1},
    pages = {16-28},
}

@article{Liu2018_lr29,
    author = {Jun Liu and  Sudha Ram},
    year = {2018},
    title = {Using big data and network analysis to understand Wikipedia article quality},
    url = {https://www.sciencedirect.com/science/article/pii/S0169023X18300685?via%253Dihub},
    journal = {Data \& Knowledge Engineering},
    volume = {115},
    pages = {80-93},
}

@inproceedings{Xu2011_lr30,
    author = {Yanxiang Xu and  Tiejian Luo},
    year = {2011},
    title = {Measuring article quality in Wikipedia: Lexical clue model},
    url = {https://ieeexplore.ieee.org/document/6101286},
    booktitle = {SWS '11: Symposium on Web Society},
}

@inproceedings{Shen2017_lr31,
    author = {Aili Shen and  Jianzhong Qi and  Timothy Baldwin},
    year = {2017},
    title = {A Hybrid Model for Quality Assessment of Wikipedia Articles},
    url = {https://aclanthology.org/U17-1005/},
    booktitle = {ALTA '17: Australasian Language Technology Association Workshop},
}

@inproceedings{Robertie2015_lr32,
    author = {Baptiste de La Robertie and  Yoann Pitarch and  Olivier Teste},
    year = {2015},
    title = {Measuring article quality in Wikipedia using the collaboration network},
    url = {https://dl.acm.org/doi/10.1145/2808797.2808895},
    booktitle = {ASONAM '15: IEEE/ACM International Conference on Advances in Social Networks Analysis and Mining},
}

@inproceedings{Cusinato2009_lr33,
    author = {Alberto Cusinato and  Vincenzo Della Mea and  Francesco Di Salvatore and  Stefano Mizzaro},
    year = {2009},
    title = {QuWi: quality control in Wikipedia},
    url = {https://dl.acm.org/doi/10.1145/1526993.1527001},
    booktitle = {WICOW '09: Workshop on Information Credibility on the Web},
}

@inproceedings{Wecel2015_lr34,
    author = {Krzysztof Węcel and  Włodzimierz Lewoniewski},
    year = {2015},
    title = {Modelling the Quality of Attributes in Wikipedia Infoboxes},
    url = {https://link.springer.com/chapter/10.1007/978-3-319-26762-3_27},
    booktitle = {BIS '15: International Conference on Business Information Systems},
}

@inproceedings{Anderka2011_lr35,
    author = {Maik Anderka and  Benno Stein and  Nedim Lipka},
    year = {2011},
    title = {Towards automatic quality assurance in Wikipedia},
    url = {https://dl.acm.org/doi/10.1145/1963192.1963196},
    booktitle = {WWW '11: International Conference Companion on World Wide Web},
}

@inproceedings{Flekova2014_lr36,
    author = {Lucie Flekova and  Oliver Ferschke and  Iryna Gurevych},
    year = {2014},
    title = {What makes a good biography?: multidimensional quality analysis based on wikipedia article feedback data},
    url = {https://dl.acm.org/doi/10.1145/2566486.2567972},
    booktitle = {WWW '14: International Conference on World Wide Web},
}

@inproceedings{Guda2020_lr38,
    author = {Bhanu Prakash Reddy Guda and  Sasi Bhusan Seelaboyina and  Soumya Sarkar and  Animesh Mukherjee},
    year = {2020},
    title = {NwQM: A Neural Quality Assessment Framework for Wikipedia},
    url = {https://aclanthology.org/2020.emnlp-main.674/},
    booktitle = {EMNLP '20: Conference on Empirical Methods in Natural Language Processing},
}

@inproceedings{Zhang2018_lr41,
    author = {Shiyue Zhang and  Zheng Hu and  Chunhong Zhang and  Ke Yu},
    year = {2018},
    title = {History-Based Article Quality Assessment on Wikipedia},
    url = {https://ieeexplore.ieee.org/document/8367090},
    booktitle = {BIGCOMP '18: International Conference on Big Data and Smart Computing},
}

@inproceedings{Ferschke2012_lr43,
    author = {Oliver Ferschke and  Iryna Gurevych and  Marc Rittberger},
    year = {2012},
    title = {FlawFinder: A Modular System for Predicting Quality Flaws in Wikipedia},
    url = {https://www.researchgate.net/publication/235982155_FlawFinder_A_Modular_System_for_Predicting_Quality_Flaws_in_Wikipedia},
    booktitle = {CLEF '12: Conference and Labs of the Evaluation Forum},
}

@article{Lewoniewski2017_lr46,
    author = {Włodzimierz Lewoniewski and  Krzysztof Węcel and  Witold Abramowicz},
    year = {2017},
    title = {Relative Quality and Popularity Evaluation of Multilingual Wikipedia Articles},
    url = {https://www.mdpi.com/2227-9709/4/4/43},
    journal = {Informatics},
    volume = {4},
    issue = {4},
}

@article{Wang2021_lr48,
    author = {Ping Wang and  Muyan Li and  Xiaodan Li and  Heshen Zhou and  Jingrui Hou},
    year = {2021},
    title = {A hybrid approach to classifying Wikipedia article quality flaws with feature fusion framework},
    url = {https://www.sciencedirect.com/science/article/pii/S0957417421005303?via%253Dihub},
    journal = {Expert Systems with Applications},
    volume = {181},
    issue = {1},
}

@article{Ingawale2013_lr54,
    author = {Myshkin Ingawale and  Amitava Dutta and  Rahul Roy and  Priya Seetharaman},
    year = {2013},
    title = {Network analysis of user generated content quality in Wikipedia},
    url = {https://www.emerald.com/insight/content/doi/10.1108/OIR-03-2011-0182/full/html},
    journal = {Online Information Review},
    volume = {37},
    issue = {4},
    pages = {602-619},
}

@article{Lerner2018_lr57,
    author = {Jürgen Lerner and  Alessandro Lomi},
    year = {2018},
    title = {Knowledge categorization affects popularity and quality of Wikipedia articles},
    url = {https://journals.plos.org/plosone/article?id=10.1371/journal.pone.0190674},
    journal = {PLoS ONE},
    volume = {13},
    issue = {1},
}

@inproceedings{Hu2007_lr58,
    author = {Meiqun Hu and  Ee-Peng Lim and  Aixin Sun and  Hady Wirawan Lauw and  Ba-Quy Vuong},
    year = {2007},
    title = {On improving wikipedia search using article quality},
    url = {https://dl.acm.org/doi/10.1145/1316902.1316926},
    booktitle = {WIDM '07: ACM International Workshop on Web Information and Data Management},
}

@article{Dondio2007_lr59,
    author = {Pierpaolo Dondio and  Stephen Barrett},
    year = {2007},
    title = {Computational Trust in Web Content Quality: A Comparative Evalutation on the Wikipedia Project},
    url = {https://arrow.tudublin.ie/scschcomart/25/},
    journal = {Informatica},
    volume = {31},
    issue = {2},
    pages = {151-160},
}

@inproceedings{Suzuki2012_lr60,
    author = {Yu Suzuki and  Masatoshi Yoshikawa},
    year = {2012},
    title = {Mutual evaluation of editors and texts for assessing quality of Wikipedia articles},
    url = {https://dl.acm.org/doi/10.1145/2462932.2462956},
    booktitle = {WikiSym '12: International Symposium on Wikis and Open Collaboration},
}

@inproceedings{Wu2010_lr61,
    author = {Kewen Wu and  Qinghua Zhu and  Yuxiang Zhao and  Hua Zheng},
    year = {2010},
    title = {Mining the Factors Affecting the Quality of Wikipedia Articles},
    url = {https://ieeexplore.ieee.org/document/5572324},
    booktitle = {ISME '10: International Conference of Information Science and Management Engineering},
}

@inproceedings{Lewoniewski2018_lr62,
    author = {Włodzimierz Lewoniewski},
    year = {2018},
    title = {Measures for Quality Assessment of Articles and Infoboxes in Multilingual Wikipedia},
    url = {https://link.springer.com/chapter/10.1007/978-3-030-04849-5_53},
    booktitle = {BIS '18: International Conference on Business Information Systems},
}

@inproceedings{Raman2020_lr64,
    author = {Narun K. Raman and  Nathaniel Sauerberg and  Jonah Fisher and  Sneha Narayan},
    year = {2020},
    title = {Classifying Wikipedia Article Quality With Revision History Networks},
    url = {https://dl.acm.org/doi/10.1145/3412569.3412581},
    booktitle = {OpenSym '20: International Symposium on Open Collaboration},
}

@inproceedings{Chevalier2010_lr65,
    author = {Fanny Chevalier and  Stéphane Huot and  Jean-Daniel Fekete},
    year = {2010},
    title = {WikipediaViz: Conveying article quality for casual Wikipedia readers},
    url = {https://ieeexplore.ieee.org/document/5429611/},
    booktitle = {PacificVis '10: Pacific Visualization Symposium},
}

@article{Lewoniewski2019_lr66,
    author = {Włodzimierz Lewoniewski and  Krzysztof Węcel and  Witold Abramowicz},
    year = {2019},
    title = {Multilingual Ranking of Wikipedia Articles with Quality and Popularity Assessment in Different Topics},
    url = {https://www.mdpi.com/2073-431X/8/3/60},
    journal = {Computers},
    volume = {8},
    issue = {3},
    pages = {60},
}

@inproceedings{Bassani2019_lr67,
    author = {Elias Bassani and  Marco Viviani},
    year = {2019},
    title = {Automatically assessing the quality of Wikipedia contents},
    url = {https://dl.acm.org/doi/10.1145/3297280.3297357},
    booktitle = {SAC '19: ACM/SIGAPP Symposium on Applied Computing},
}

@article{Lin2020_lr69,
    author = {Yan Lin and  Chenxi Wang},
    year = {2020},
    title = {Wisdom of crowds: the effect of participant composition and contribution behavior on Wikipedia article quality},
    url = {https://www.emerald.com/insight/content/doi/10.1108/JKM-08-2019-0416/full/html},
    journal = {Journal of Knowledge Management},
    volume = {24},
    issue = {2},
    pages = {324-345},
}

@inproceedings{Wang2010_lr70,
    author = {Se Wang and  Mizuho Iwaihara},
    year = {2010},
    title = {Quality Evaluation of Wikipedia Articles through Edit History and Editor Groups},
    url = {https://link.springer.com/chapter/10.1007/978-3-642-20291-9_20},
    booktitle = {APWeb '11: Asia-Pacific Web Conference},
}

@inproceedings{Lewoniewski2018_lr71,
    author = {Włodzimierz Lewoniewski and  Ralf-Christian Härting and  Krzysztof Węcel and  Christopher Reichstein and  Witold Abramowicz},
    year = {2018},
    title = {Application of SEO Metrics to Determine the Quality of Wikipedia Articles and Their Sources},
    url = {https://link.springer.com/chapter/10.1007/978-3-319-99972-2_11},
    booktitle = {ICIST '18: International Conference on Information and Software Technologies},
}

@article{Sydow2017_lr72,
    author = {Marcin Sydow and  Katarzyna Baraniak and  Paweł Teisseyre},
    year = {2017},
    title = {Diversity of editors and teams versus quality of cooperative work: experiments on wikipedia},
    url = {https://link.springer.com/article/10.1007/s10844-016-0428-1},
    journal = {Journal of Intelligent Information Systems},
    volume = {48},
    pages = {601-632},
}

@article{Wang2019_lr74,
    author = {Ping Wang and  Xiaodan Li and  Renli Wu},
    year = {2019},
    title = {A deep learning-based quality assessment model of collaboratively edited documents: A case study of Wikipedia},
    url = {https://journals.sagepub.com/doi/10.1177/0165551519877646},
    journal = {Journal of Information Science},
    volume = {47},
    issue = {2},
    pages = {176 - 191},
}

@article{Asthana2021_lr76,
    author = {Sumit Asthana and  Sabrina Tobar Thommel and  Aaron L. Halfaker and  Nikola Banovic},
    year = {2021},
    title = {Automatically Labeling Low Quality Content on Wikipedia By Leveraging Patterns in Editing Behaviors},
    url = {https://dl.acm.org/doi/10.1145/3479503},
    journal = {Proceedings of the ACM on Human-Computer Interaction},
    volume = {5},
    issue = {CSCW2},
    pages = {1 - 23},
}

@inproceedings{Schmidt2019_lr78,
    author = {Manuel Schmidt and  Eva Zangerle},
    year = {2019},
    title = {Article quality classification on Wikipedia: introducing document embeddings and content features},
    url = {https://dl.acm.org/doi/10.1145/3306446.3340831},
    booktitle = {OpenSym '19: International Symposium on Open Collaboration},
}

@inproceedings{Suzuki2013_lr79,
    author = {Yu Suzuki and  Masatoshi Yoshikawa},
    year = {2013},
    title = {Assessing quality score of Wikipedia article using mutual evaluation of editors and texts},
    url = {https://dl.acm.org/doi/10.1145/2505515.2505610},
    booktitle = {CIKM '13: ACM International Conference on Information \& Knowledge Management},
}

@article{Suzuki2015_lr82,
    author = {Yu Suzuki},
    year = {2015},
    title = {Quality Assessment of Wikipedia Articles Using h-index},
    url = {https://www.jstage.jst.go.jp/article/ipsjjip/23/1/23_22/_article},
    journal = {Journal of Information Processing},
    volume = {23},
    issue = {1},
    pages = {22-30},
}

@inproceedings{Sciascio2017_lr83,
    author = {Cecilia di Sciascio and  David Strohmaier and  Marcelo Errecalde and  Eduardo Veas},
    year = {2017},
    title = {WikiLyzer: Interactive Information Quality Assessment in Wikipedia},
    url = {https://dl.acm.org/doi/10.1145/3025171.3025201},
    booktitle = {IUI '17: International Conference on Intelligent User Interfaces},
}

@article{Joorabchi2019_lr84,
    author = {Arash Joorabchi and  Calibhe Doherty and  Jennifer Dawson},
    year = {2019},
    title = {‘WP2Cochrane’, a tool linking Wikipedia to the Cochrane Library: Results of a bibliometric analysis evaluating article quality and importance},
    url = {https://journals.sagepub.com/doi/10.1177/1460458219892711},
    journal = {Health Informatics Journal},
    volume = {26},
    issue = {3},
    pages = {1881 - 1897},
}

@inproceedings{Marrese-Taylor2019_lr85,
    author = {Edison Marrese-Taylor and  Pablo Loyola and  Yutaka Matsuo},
    year = {2019},
    title = {An Edit-centric Approach for Wikipedia Article Quality Assessment},
    url = {https://aclanthology.org/D19-5550/},
    booktitle = {WNUT '19: Workshop on Noisy User-generated Text},
}

@inproceedings{Sarkar2019_lr87,
    author = {Soumya Sarkar and  Bhanu Prakash Reddy Guda and  Sandipan Sikdar and  Animesh Mukherjee},
    year = {2019},
    title = {StRE: Self Attentive Edit Quality Prediction in Wikipedia},
    url = {https://aclanthology.org/P19-1387/},
    booktitle = {ACL '19: Annual Meeting of the Association for Computational Linguistics},
}

@misc{Dang2016_lr89,
    author = {Quang-Vinh Dang and  Claudia-Lavinia Ignat},
    year = {2016},
    title = {Quality assessment of wikipedia articles: a deep learning approach},
    url = {https://dl.acm.org/doi/10.1145/2996442.2996447},
    journal = {SIGWEB '16: ACM Sigweb Newsletter, Issue Autumn},
}

@inproceedings{Moturu2009_lr90,
    author = {Sai T. Moturu and  Huan Liu},
    year = {2009},
    title = {Evaluating the trustworthiness of Wikipedia articles through quality and credibility},
    url = {https://dl.acm.org/doi/10.1145/1641309.1641349},
    booktitle = {WikiSym '09: International Symposium on Wikis and Open Collaboration},
}

@inproceedings{Cozza2016_lr92,
    author = {Vittoria Cozza and  Marinella Petrocchi and  Angelo Spognardi},
    year = {2016},
    title = {A matter of words: NLP for quality evaluation of Wikipedia medical articles},
    url = {https://link.springer.com/chapter/10.1007/978-3-319-38791-8_31},
    booktitle = {IWCE '16: International Conference on Web Engineering},
}

@inproceedings{Betancourt2016_lr95,
    author = {Grace Gimon Betancourt and  Armando Segnine and  Carlos Trabuco and  Amira Rezgui and  Nicolas Jullien},
    year = {2016},
    title = {Mining team characteristics to predict Wikipedia article quality},
    url = {https://dl.acm.org/doi/10.1145/2957792.2971802},
    booktitle = {OpenSym '16: International Symposium on Open Collaboration},
}

@inproceedings{Khairova2017_lr96,
    author = {Nina Khairova and  Włodzimierz Lewoniewski and  Krzysztof Węcel},
    year = {2017},
    title = {Estimating the Quality of Articles in Russian Wikipedia Using the Logical-Linguistic Model of Fact Extraction},
    url = {https://link.springer.com/chapter/10.1007/978-3-319-59336-4_3},
    booktitle = {BIS '17: International Conference on Business Information Systems},
}

@article{Das2021_lr97,
    author = {Paramita Das and  Bhanu Prakash Reddy Guda and  Sasi Bhusan Seelaboyina and  Soumya Sarkar and  Animesh Mukherjee},
    year = {2021},
    title = {Quality Change: Norm or Exception? Measurement, Analysis and Detection of Quality Change in Wikipedia},
    url = {https://dl.acm.org/doi/10.1145/3512959},
    journal = {Proceedings of the ACM on Human-Computer Interaction},
    volume = {6},
    issue = {CSCW1},
    pages = {1 - 36},
}

@article{Ferretti2018_lr100,
    author = {Edgardo Ferretti and  Leticia C. Cagnina and  Viviana Paiz and  Sebastián Delle Donne and  Rodrigo Zacagnini and  Marcelo Errecalde},
    year = {2018},
    title = {Quality flaw prediction in Spanish Wikipedia: A case of study with verifiability flaws},
    url = {https://www.sciencedirect.com/science/article/pii/S0306457317309329?via%253Dihub},
    journal = {Information Processing \& Management},
    volume = {54},
    issue = {6},
    pages = {1169-1181},
}

@inproceedings{Chhabra2021_lr101,
    author = {Anamika Chhabra and  Shubham Srivastava and  S. R. S. Iyengar and  Poonam Saini},
    year = {2021},
    title = {Structural Analysis of Wikigraph to Investigate Quality Grades of Wikipedia Articles},
    url = {https://dl.acm.org/doi/10.1145/3442442.3452345},
    booktitle = {WWW '21: The Web Conference},
}

@inproceedings{Lewoniewski2017_lr106,
    author = {Włodzimierz Lewoniewski and  Krzysztof Węcel},
    year = {2017},
    title = {Relative Quality Assessment of Wikipedia Articles in Different Languages Using Synthetic Measure},
    url = {https://link.springer.com/chapter/10.1007/978-3-319-69023-0_24},
    booktitle = {BIS '17: International Conference on Business Information Systems},
}

@inproceedings{Lewoniewski2017_lr109,
    author = {Włodzimierz Lewoniewski},
    year = {2017},
    title = {Enrichment of Information in Multilingual Wikipedia Based on Quality Analysis},
    url = {https://link.springer.com/chapter/10.1007/978-3-319-69023-0_19},
    booktitle = {BIS '17: International Conference on Business Information Systems},
}

@inproceedings{Dalip2011_lr111,
    author = {Daniel Hasan Dalip and  Raquel Lara Santos and  Diogo Rennó Rocha de Oliveira and  Valéria Freitas Amaral and  Marcos André Gonçalves and  Raquel Oliveira Prates and  Raquel C. M. Minardi and  Jussara Marques de Almeida},
    year = {2011},
    title = {GreenWiki: a tool to support users' assessment of the quality of Wikipedia articles},
    url = {https://dl.acm.org/doi/10.1145/1998076.1998190},
    booktitle = {JCDL '11: ACM/IEEE Joint Conference on Digital Libraries},
}

@inproceedings{Khan2019_lr114,
    author = {Imran Khan and  Shahid Hussain and  Hina Gul and  Muhammad Shahid and  Muhammad Jamal},
    year = {2019},
    title = {An Empirical Study to Predict the Quality of Wikipedia Articles},
    url = {https://link.springer.com/chapter/10.1007/978-3-030-16187-3_47},
    booktitle = {WorldCIST '19: World Conference on Information Systems and Technologies},
}

@inproceedings{Ferretti2012_lr115,
    author = {Edgardo Ferretti and  Donato Hernandez Fusilier and  Rafael Guzmán-Cabrera and  Manuel Montes y Gómez and  Marcelo Errecalde and  Paolo Rosso},
    year = {2012},
    title = {On the Use of PU Learning for Quality Flaw Prediction in Wikipedia},
    url = {https://www.researchgate.net/publication/236565329_On_the_Use_of_PU_Learning_for_Quality_Flaw_Prediction_in_Wikipedia},
    booktitle = {CLEF '12: Conference and Labs of the Evaluation Forum},
}

@inproceedings{Suzuki2012_lr117,
    author = {Yu Suzuki and  Masatoshi Yoshikawa},
    year = {2012},
    title = {QualityRank: assessing quality of wikipedia articles by mutually evaluating editors and texts},
    url = {https://dl.acm.org/doi/10.1145/2309996.2310047},
    booktitle = {HT '12: ACM Conference on Hypertext \& Social Media},
}

@article{Fahimnia2022_lr118,
    author = {Fatemeh Fahimnia and  Mansoureh Damerchiloo and  Mohammad Khandan and  Mahshid Eltemasi },
    year = {2022},
    title = {A Framework for Assessing the Quality of Wikipedia Articles: A Meta-synthesis of the Literature},
    url = {https://www.magiran.com/paper/2379640},
    journal = {International Journal of Information Science and Management},
    volume = {20},
    issue = {1},
    pages = {91-118},
}

@article{Sugandhika2022_lr119,
    author = {Chinthani Sugandhika and  Supunmali Ahangama},
    year = {2022},
    title = {Assessing Information Quality of Wikipedia Articles through Google’s E-A-T Model},
    url = {https://ieeexplore.ieee.org/document/9770051},
    journal = {IEEE Access},
    volume = {10},
    pages = {52196-52209},
}

@inproceedings{Hou2021_lr122,
    author = {Jingrui Hou and  Jiangnan Li and  Ping Wang},
    year = {2021},
    title = {Measuring Quality of Wikipedia Articles by Feature Fusion‐based Stack Learning},
    url = {https://asistdl.onlinelibrary.wiley.com/doi/10.1002/pra2.449},
    booktitle = {ASIST '21: Association for Information Science and Technology},
}

@inproceedings{Hanada2013_lr125,
    author = {Raíza Hanada and  Marco Cristo and  Maria da Graça Campos Pimentel},
    year = {2013},
    title = {How do metrics of link analysis correlate to quality, relevance and popularity in wikipedia?},
    url = {https://dl.acm.org/doi/10.1145/2526188.2526198},
    booktitle = {WebMedia '13: Brazilian Symposium on Multimedia and the Web},
}

@inproceedings{Ruprechter2019_lr127,
    author = {Thorsten Ruprechter and  Tiago Santos and  Denis Helic},
    year = {2019},
    title = {On the Relation of Edit Behavior, Link Structure, and Article Quality on Wikipedia},
    url = {https://link.springer.com/chapter/10.1007/978-3-030-36683-4_20},
    booktitle = {COMPLEX NETWORKS '19: International Workshop on Complex Networks \& Their Applications},
}

@inproceedings{Su2015_lr128,
    author = {Qi Su and  Pengyuan Liu},
    year = {2015},
    title = {A Psycho-Lexical Approach to the Assessment of Information Quality on Wikipedia},
    url = {https://ieeexplore.ieee.org/document/7397452},
    booktitle = {WI-IAT '15: IEEE/WIC/ACM International Conference on Web Intelligence and Intelligent Agent Technology},
}

@inproceedings{Soonthornphisaj2017_lr130,
    author = {Nuanwan Soonthornphisaj and  Peerapoom Paengporn},
    year = {2017},
    title = {Thai Wikipedia article quality filtering algorithm},
    url = {https://www.iaeng.org/publication/IMECS2017/IMECS2017_pp299-305.pdf},
    booktitle = {IMECS '17: International MultiConference of Engineers and Computer Scientists},
}

@misc{Qin2012_lr131,
    author = {Xiangju Qin and  Pádraig Cunningham},
    year = {2012},
    title = {Assessing the Quality of Wikipedia Pages Using Edit Longevity and Contributor Centrality},
    url = {https://arxiv.org/abs/1206.2517},
    journal = {arXiv: 1206.2517},
}

@article{Ferretti2017_lr132,
    author = {Edgardo Ferretti and  Matías Soria and  Sebastián Pérez Casseignau and  Lian Pohn and  Guido Urquiza and  Sergio Alejandro Gómez and  Marcelo Errecalde},
    year = {2017},
    title = {Towards Information Quality Assurance in Spanish: Wikipedia},
    url = {https://www.semanticscholar.org/paper/8cba1878de84959de7a5401c9181819ee9bdf205},
    journal = {Journal of Computer Science and Technology (JCS\&T},
    volume = {17},
    issue = {1},
    pages = {29-36},
}

@article{Suzuki2013_lr133,
    author = {Yu Suzuki},
    year = {2013},
    title = {Effects of Implicit Positive Ratings for Quality Assessment of Wikipedia Articles},
    url = {https://www.jstage.jst.go.jp/article/ipsjjip/21/2/21_342/_article},
    journal = {Journal of Information Processing},
    volume = {21},
    issue = {2},
    pages = {342-348},
}

@inproceedings{Dang2021_lr136,
    author = {Quang-Vinh Dang},
    year = {2021},
    title = {Assessing the Quality of Wikipedia Articles},
    url = {https://dl.acm.org/doi/10.1145/3453800.3453801},
    booktitle = {ICMLSC '21: International Conference on Machine Learning and Soft Computing},
}

@inproceedings{Lewoniewski2017_lr139,
    author = {Włodzimierz Lewoniewski and  Nina Khairova and  Krzysztof Węcel and  Nataliia Stratiienko and  Witold Abramowicz},
    year = {2017},
    title = {Using Morphological and Semantic Features for the Quality Assessment of Russian Wikipedia},
    url = {https://link.springer.com/chapter/10.1007/978-3-319-67642-5_46},
    booktitle = {ICIST '17: International Conference on Information and Software Technologies},
}

@article{Velichety2019_lr142,
    author = {Srikar Velichety},
    year = {2019},
    title = {Quality Assessment of Peer-Produced Content in Knowledge Repositories Using Big Data and Social Networks: The Case of Implicit Collaboration in Wikipedia},
    url = {https://dl.acm.org/doi/10.1145/3371041.3371045},
    journal = {ACM SIGMIS Database: The DATABASE for Advances in Information Systems},
    volume = {50},
    issue = {4},
    pages = {28-51},
}

@inproceedings{Couto2021_lr145,
    author = {Luis Couto and  Carla Teixeira Lopes},
    year = {2021},
    title = {Equal opportunities in the access to quality online health information? A multi-lingual study on Wikipedia},
    url = {https://dl.acm.org/doi/10.1145/3479986.3480000},
    booktitle = {OpenSym '21: International Symposium on Open Collaboration},
}

@inproceedings{Pereyra2019_lr147,
    author = {Gerónimo Bazán Pereyra and  Carolina Cuello and  Gianfranco Capodici and  Vanessa Jofré and  Edgardo Ferretti and  Rodolfo Bonnin and  Marcelo Errecalde},
    year = {2019},
    title = {Predicting Information Quality Flaws in Wikipedia by Using Classical and Deep Learning Approaches},
    url = {https://link.springer.com/chapter/10.1007/978-3-030-48325-8_1},
    booktitle = {CACIC '19: Argentine Congress of Computer Science},
}

@inproceedings{Yahya2014_lr148,
    author = {Adnan Yahya and  Ali Salhi},
    year = {2014},
    title = {Quality assessment of Arabic web content: The case of the Arabic Wikipedia},
    url = {https://ieeexplore.ieee.org/document/6987558},
    booktitle = {IIT '14: International Conference on Innovations in Information Technology},
}

@inproceedings{Lewoniewski2018_lr149,
    author = {Włodzimierz Lewoniewski and  Krzysztof Węcel and  Witold Abramowicz},
    year = {2018},
    title = {Determining Quality of Articles in Polish Wikipedia Based on Linguistic Features},
    url = {https://link.springer.com/chapter/10.1007/978-3-319-99972-2_45},
    booktitle = {ICIST '18: International Conference on Information and Software Technologies},
}

@inproceedings{Saengthongpattana2018_lr150,
    author = {Kanchana Saengthongpattana and  Thepchai Supnithi and  Nuanwan Soonthornphisaj},
    year = {2018},
    title = {Quality Classification of ASEAN Wikipedia Articles using Statistical Features},
    url = {https://ieeexplore.ieee.org/document/8692954/},
    booktitle = {iSAI-NLP '18: International Joint Symposium on Artificial Intelligence and Natural Language Processing},
}

@article{Tsikerdekis2017_lr155,
    author = {Michail Tsikerdekis},
    year = {2017},
    title = {Cumulative Experience and Recent Behavior and their Relation to Content Quality on Wikipedia},
    url = {https://academic.oup.com/iwc/article/29/5/737/3885842},
    journal = {Interacting with Computers},
    volume = {29},
    issue = {5},
    pages = {737-754},
}

@inproceedings{Kleminski2017_lr157,
    author = {Rajmund Kleminski and  Tomasz Kajdanowicz and  Roman Bartusiak and  Przemyslaw Kazienko},
    year = {2017},
    title = {On Quality Assesement in Wikipedia Articles Based on Markov Random Fields},
    url = {https://link.springer.com/chapter/10.1007/978-3-319-54472-4_73},
    booktitle = {ACIIDS '17: Asian Conference on Intelligent Information and Database Systems},
}

@inproceedings{Suzuki2012_lr159,
    author = {Yu Suzuki},
    year = {2012},
    title = {Assessing Quality Values of Wikipedia Articles Using Implicit Positive and Negative Ratings},
    url = {https://link.springer.com/chapter/10.1007/978-3-642-32281-5_13},
    booktitle = {WAIM '12: International Conference on Web-Age Information Management},
}

@inproceedings{Urquiza2016_lr160,
    author = {Guido Urquiza and  Matías Soria and  Sebastián Pérez Casseignau and  Edgardo Ferretti and  Sergio Alejandro Gómez and  Marcelo Errecalde},
    year = {2016},
    title = {On the Assessment of Information Quality in Spanish Wikipedia},
    url = {http://sedici.unlp.edu.ar/handle/10915/56750},
    booktitle = {CACIC '19: Argentine Congress of Computer Science},
}

@inproceedings{Couto2021_lr161,
    author = {Luis Couto and  Carla Teixeira Lopes},
    year = {2021},
    title = {Assessing the quality of health-related Wikipedia articles with generic and specific metrics},
    url = {https://dl.acm.org/doi/10.1145/3442442.3452355},
    booktitle = {WWW '21: The Web Conference},
}

@inproceedings{Saengthongpattana2017_lr162,
    author = {Kanchana Saengthongpattana and  Thepchai Supnithi and  Nuanwan Soonthornphisaj},
    year = {2017},
    title = {Ontology-Based Classifiers for Wikipedia Article Quality Classification},
    url = {https://link.springer.com/chapter/10.1007/978-3-319-94703-7_7},
    booktitle = {iSAI-NLP '17: International Joint Symposium on Artificial Intelligence and Natural Language Processing},
}

@inproceedings{Saengthongpattana2014_lr169,
    author = {Kanchana Saengthongpattana and  Nuanwan Soonthornphisaj},
    year = {2014},
    title = {Assessing the Quality of Thai Wikipedia Articles Using Concept and Statistical Features},
    url = {https://link.springer.com/chapter/10.1007/978-3-319-05951-8_49},
    booktitle = {WorldCIST '14: World Conference on Information Systems and Technologies},
}

@book{Robertie2017_lr172,
    author = {Baptiste de La Robertie and  Yoann Pitarch and  Olivier Teste},
    year = {2017},
    title = {Structure-Based Features for Predicting the Quality of Articles in Wikipedia},
    url = {https://link.springer.com/chapter/10.1007/978-3-319-51049-1_6},
    journal = {Prediction and Inference from Social Networks and Social Media},
}

@inproceedings{Lu2013_lr173,
    author = {Yuqing Lu and  Lei Zhang and  Juan-Zi Li},
    year = {2013},
    title = {Evaluating Article Quality and Editor Reputation in Wikipedia},
    url = {https://link.springer.com/chapter/10.1007/978-3-642-54025-7_19},
    booktitle = {CSWS '13: China Semantic Web Symposium and Web Science Conference},
}

@inproceedings{Deng2015_lr181,
    author = {Huijing Deng and  Bernadetta Tarigan and  Mihai Grigore and  Juliana Sutanto},
    year = {2015},
    title = {Understanding the 'Quality Motion' of Wikipedia Articles Through Semantic Convergence Analysis},
    url = {https://link.springer.com/chapter/10.1007/978-3-319-20895-4_7},
    booktitle = {HCIB '15: International Conference on HCI in Business},
}

@book{Zhang2015_lr197,
    author = {Ning Zhang and  Lingyun Ruan and  Luo Si},
    year = {2015},
    title = {Predicting Low-Quality Wikipedia Articles Using User’s Judgements},
    url = {https://link.springer.com/chapter/10.1007/978-3-319-05467-4_6},
    journal = {Roles, Trust, and Reputation in Social Media Knowledge Markets},
}

@inproceedings{Himoro2013_lr199,
    author = {Marcelo Yuji Himoro and  Raíza Hanada and  Marco Cristo and  Maria da Graça Campos Pimentel},
    year = {2013},
    title = {An investigation of the relationship between the amount of extra-textual data and the quality of Wikipedia articles},
    url = {https://dl.acm.org/doi/10.1145/2526188.2526218},
    booktitle = {WebMedia '13: Brazilian Symposium on Multimedia and the Web},
}

@inproceedings{Lee2013_lr202,
    author = {Tao-Chi Lee and  Jayakrishnan Unnikrishnan},
    year = {2013},
    title = {Monitoring network structure and content quality of signal processing articles on wikipedia},
    url = {https://ieeexplore.ieee.org/document/6639378},
    booktitle = {ICASSP '13: International Conference on Acoustics},
}

@article{Jemielniak2017_lr262,
    author = {Dariusz Jemielniak and  Maciej Wilamowski},
    year = {2017},
    title = {Cultural diversity of quality of information on Wikipedias},
    url = {https://asistdl.onlinelibrary.wiley.com/doi/10.1002/asi.23901},
    journal = {Journal of the Association for Information Science and Technology},
    volume = {68},
    issue = {10},
    pages = {2460-2470},
}

@article{Velazquez2017_lr338,
    author = {Carlos G. Velázquez and  Leticia C. Cagnina and  Marcelo Errecalde},
    year = {2017},
    title = {On the Feasibility of External Factual Support as Wikipedia's Quality Metric},
    url = {http://journal.sepln.org/sepln/ojs/ojs/index.php/pln/article/view/5417},
    journal = {Processamiento del Lenguaje Natural},
    volume = {58},
    pages = {93-100},
}

@inproceedings{Bassani2019_lr359,
    author = {Elias Bassani and  Marco Viviani},
    year = {2019},
    title = {Quality of Wikipedia Articles: Analyzing Features and Building a Ground Truth for Supervised Classification},
    url = {https://www.scitepress.org/Link.aspx?doi=10.5220/0008149303380346},
    booktitle = {KDIR '19: International Conference on Knowledge Discovery and Information Retrieval},
}

@inproceedings{Agrawal2016_lr1001,
    author = {Rakshit Agrawal and  Luca deAlfaro},
    year = {2016},
    title = {Predicting the quality of user contributions via LSTMs},
    url = {https://dl.acm.org/doi/10.1145/2957792.2957811},
    booktitle = {OpenSym '16: International Symposium on Open Collaboration},
}

@article{Dalip2016_lr1002,
    author = {Daniel Hasan Dalip and  Marcos André Gonçalves and  Marco Cristo and  Pável Calado},
    year = {2016},
    title = {A general multiview framework for assessing the quality of collaboratively created content on web 2.0},
    url = {https://asistdl.onlinelibrary.wiley.com/doi/10.1002/asi.23650},
    journal = {Journal of the Association for Information Science and Technology},
    volume = {68},
    issue = {2},
    pages = {286-308},
}

@article{Dalip2011_lr1003,
    author = {Daniel Hasan Dalip and  Marcos André Gonçalves and  Marco Cristo and  Pável Calado},
    year = {2011},
    title = {Automatic assessment of document quality in web collaborative digital libraries},
    url = {https://dl.acm.org/doi/10.1145/2063504.2063507},
    journal = {Journal of Data and Information Quality},
    volume = {2},
    issue = {3},
    pages = {1-30},
}

@inproceedings{Dalip2014_lr1004,
    author = {Daniel Hasan Dalip and  Harlley Lima and  Marcos André Gonçalves and  Marco Cristo and  Pável Calado},
    year = {2014},
    title = {Quality assessment of collaborative content with minimal information},
    url = {https://dl.acm.org/doi/10.5555/2740769.2740804},
    booktitle = {JCDL '14: ACM/IEEE Joint Conference on Digital Libraries},
}

@inproceedings{Ganjisaffar2009_lr1006,
    author = {Yasser Ganjisaffar and  Sara Javanmardi and  Cristina Lopes},
    year = {2009},
    title = {Review-based ranking of Wikipedia articles},
    url = {https://ieeexplore.ieee.org/document/5176107/},
    booktitle = {CASON '09: International Conference on Computational Aspects of Social Networks},
}

@article{Ofek2015_lr1010,
    author = {Nir Ofek and  Lior Rokach},
    year = {2015},
    title = {A classifier to determine which Wikipedia biographies will be accepted},
    url = {https://asistdl.onlinelibrary.wiley.com/doi/10.1002/asi.23199},
    journal = {Journal of the Association for Information Science and Technology},
    volume = {66},
    issue = {1},
    pages = {213-218},
}

@article{Stvilia2007_lr1012,
    author = {Besiki Stvilia and  Les Gasser and  Michael B. Twidale and  Linda C. Smith},
    year = {2007},
    title = {A framework for information quality assessment},
    url = {https://onlinelibrary.wiley.com/doi/10.1002/asi.20652},
    journal = {Journal of the Association for Information Science and Technology},
    volume = {58},
    issue = {12},
    pages = {1720-1733},
}

@inproceedings{Stvilia2005_lr1013,
    author = {Besiki Stvilia and  Michael B. Twidale and  Linda C. Smith and  Les Gasser},
    year = {2005},
    title = {Assessing information quality of a community-based encyclopedia},
    url = {https://www.semanticscholar.org/paper/Assessing-Information-Quality-of-a-Community-Based-Stvilia-Twidale/dd888dddccc2075a44f99ec2380fda652040afaf},
    booktitle = {ICIQ '05: International Conference on Information Quality},
}

@inproceedings{Ruvo2015_lr1016,
    author = {Giuseppe De Ruvo and  Antonella Santone},
    year = {2015},
    title = {Analysing wiki quality using probabilistic model checking},
    url = {https://ieeexplore.ieee.org/document/71943655},
    booktitle = {WET ICE '15: IEEE International Workshop on Enabling Technologies: Infrastructure for Collaborative Enterprises},
}

@inproceedings{Lipka2010_lr1019,
    author = {Nedim Lipka and  Benno Stein},
    year = {2010},
    title = {Identifying featured articles in wikipedia: writing style matters},
    url = {https://dl.acm.org/doi/10.1145/1772690.1772847},
    booktitle = {WWW '10: International Conference on the World Wide Web},
}

@inproceedings{Rassbach2007_lr1020,
    author = {Laura Rassbach and  Trevor Blackford and  Brian Mingus},
    year = {2007},
    title = {Exploring the Feasibility of Automatically Rating Online Article Quality},
    url = {https://scholar.google.pt/citations?view_op=view_citation%26hl=pt-PT%26user=T_sFnwoAAAAJ%26citation_for_view=T_sFnwoAAAAJ:u-x6o8ySG0sC},
    booktitle = {Wikimania '07: Wikimania Conference},
}

@inproceedings{Wu2012_lr1021,
    author = {Guangyu Wu and  Martin Harrigan and  Pádraig Cunningham},
    year = {2012},
    title = {Classifying Wikipedia articles using network motif counts and ratios},
    url = {https://dl.acm.org/doi/10.1145/2462932.2462948},
    booktitle = {WikiSym '12: International Symposium on Wikis and Open Collaboration},
}

@inproceedings{Stein2007_lr1024,
    author = {Klaus Stein and  Claudia Hess},
    year = {2007},
    title = {Does it matter who contributes: a study on featured articles in the german wikipedia},
    url = {https://dl.acm.org/doi/10.1145/1286240.1286290},
    booktitle = {HT '07: Conference on Hypertext and Hypermedia},
}

@inproceedings{Lex2012_lr1026,
    author = {Elisabeth Lex and  Michael Voelske and  Marcelo Errecalde and  Edgardo Ferretti and  Leticia Cagnina and  Christopher Horn and  Benno Stein and  Michael Granitzer},
    year = {2012},
    title = {Measuring the quality of web content using factual information},
    url = {https://dl.acm.org/doi/10.1145/2184305.2184308},
    booktitle = {WebQuality '12: Joint WICOW/AIRWeb Workshop on Web Quality},
}

@inproceedings{Anderka2011_lr1027,
    author = {Maik Anderka and  Benno Stein and  Nedim Lipka},
    year = {2011},
    title = {Detection of text quality flaws as a one-class classification problem},
    url = {https://dl.acm.org/doi/10.1145/2063576.2063954},
    booktitle = {CIKM '11: ACM International Conference on Information and Knowledge Management},
}

@inproceedings{Wu2011_lr1030,
    author = {Guangyu Wu and  Martin Harrigan and  Pádraig Cunningham},
    year = {2011},
    title = {Characterizing Wikipedia pages using edit network motif profiles},
    url = {https://dl.acm.org/doi/10.1145/2065023.2065036},
    booktitle = {SMUC '11: International Workshop on Search and Mining User-generated Contents},
}

@article{Stvilia2009_lr1038,
    author = {Besiki Stvilia and  Abdullah Al-Faraj and  Yong Jeong Yi},
    year = {2009},
    title = {Issues of cross-contextual information quality evaluation—The case of Arabic, English, and Korean Wikipedias},
    url = {https://www.sciencedirect.com/science/article/pii/S0740818809000954},
    journal = {Library \& Information Science Research},
    volume = {31},
    issue = {4},
    pages = {232-239},
}

@misc{Pohn2014_lr1040,
    author = {Lian Pohn and  Edgardo Ferretti and  Marcelo Errecalde},
    year = {2014},
    title = {Identifying featured articles in Spanish Wikipedia},
    url = {http://sedici.unlp.edu.ar/bitstream/handle/10915/42288/Documento_completo.pdf?sequence=1},
}

@inproceedings{Sugandhika2021_lr1041,
    author = {Chinthani Sugandhika and  Supunmali Ahangama and  Sapumal Ahangama},
    year = {2021},
    title = {Modelling Wikipedia’s Information Quality using Informativeness, Reliability and Authority},
    url = {https://ieeexplore.ieee.org/document/9671092},
    booktitle = {ICAC '21: International Conference on Advancements in Computing},
}

@inproceedings{Lim2006_lr1044,
    author = {Ee-peng Lim and  Ba-quy Vuong and  Hady Wirawan Lauw and  Aixin Sun},
    year = {2006},
    title = {Measuring Qualities of Articles Contributed by Online Communities},
    url = {https://ieeexplore.ieee.org/document/4061345},
    booktitle = {WI '16: IEEE WIC ACM International Conference on Web Intelligence},
}

@misc{Hammwohner2010_lr1046,
    author = {Rainer Hammwöhner},
    year = {2010},
    title = {Interlingual Aspects Of Wikipedia's Quality},
    url = {https://epub.uni-regensburg.de/15572/},
}

@inproceedings{Han2011_lr1051,
    author = {Jingyu Han and  Xiong Fu and  Kejia Chen and  Chuandong Wang },
    year = {2011},
    title = {Web Article Quality Assessment in Multi-dimensional Space},
    url = {https://link.springer.com/chapter/10.1007/978-3-642-23535-1_20},
    booktitle = {WAIM '11: International Conference on Web-Age Information Management},
}

@article{Halfaker2020_lr1055,
    author = {Aaron Halfaker and  R. Stuart Geiger},
    year = {2020},
    title = {ORES: Lowering Barriers with Participatory Machine Learning in Wikipedia},
    url = {https://dl.acm.org/doi/10.1145/3415219},
    journal = {Proceedings of the ACM on Human-Computer Interaction},
    volume = {4},
    issue = {CSCW2},
    pages = {1-37},
}

@inproceedings{Shen2019_lr1061,
    author = {Aili Shen and  Bahar Salehi and  Timothy Baldwin and  Jianzhong Qi},
    year = {2019},
    title = {A joint model for multimodal document quality assessment},
    url = {https://dl.acm.org/doi/10.1109/JCDL.2019.00024},
    booktitle = {JCDL '19: Joint Conference on Digital Libraries},
}

@inproceedings{Yang2016_lr2001,
    author = {Diyi Yang and  Aaron Halfaker and  Robert Kraut and  Eduard Hovy},
    year = {2016},
    title = {Who Did What: Editor Role Identification in Wikipedia},
    url = {https://ojs.aaai.org/index.php/ICWSM/article/view/14732},
    booktitle = {ICWSM '16: International AAAI Conference on Web and Social Media},
}

@article{Velichety2019_lr2002,
    author = {Srikar Velichety and  Sudha Ram and  Jesse Bockstedt},
    year = {2019},
    title = {Quality Assessment of Peer-Produced Content in Knowledge Repositories using Development and Coordination Activities},
    url = {https://www.tandfonline.com/doi/full/10.1080/07421222.2019.1598692},
    journal = {Journal of Management Information Systems},
    volume = {36},
    issue = {2},
    pages = {478-512},
}

@article{Seyedsadr2016_lr2005,
    author = {Seyedtaha Seyedsadr and  Mohammadali Afsharkazemi and  Hashem Nikoomaram},
    year = {2016},
    title = {Qualifying Articles of Persian Wikipedia Encyclopedia Through J48 Algorithm, ANFIS and Subtractive Clustering},
    url = {https://www.sciencepublishinggroup.com/journal/paperinfo?journalid=134%26doi=10.11648/j.acis.20150306.18},
    journal = {Automation},
    volume = {3},
    issue = {6},
    pages = {141-153},
}

@article{Ge2020_lr2008,
    author = {Mouzhi Ge and  Włodzimierz Lewoniewski},
    year = {2020},
    title = {Developing the Quality Model for Collaborative Open Data},
    url = {https://www.sciencedirect.com/science/article/pii/S187705092032130X},
    journal = {Procedia Computer Science},
    volume = {176},
    pages = {1883-1892},
}

@article{Shen2020_lr2009,
    author = {Aili Shen and  Bahar Salehi and  Jainzhong Qi and  Timothy Baldwin},
    year = {2020},
    title = {A multimodal approach to assessing document quality},
    url = {https://www.jair.org/index.php/jair/article/view/11647},
    journal = {Journal of Artificial Intelligence Research},
    volume = {68},
    pages = {607-632},
}

@inproceedings{Marzini2014_lr2010,
    author = {Emanuel Marzini and  Angelo Spognardi and  Ilaria Matteucci and  Paolo Mori and  Marinella Petrocchi and  Riccardo Conti },
    year = {2014},
    title = {Improved Automatic Maturity Assessment of Wikipedia Medical Articles},
    url = {https://link.springer.com/chapter/10.1007/978-3-662-45563-0_37},
    booktitle = {OTM '14: Confederated International Conferences "On the Move to Meaningful Internet Systems"},
}

@inproceedings{Yahya2020_lr2011,
    author = {Adnan Yahya and  Afnan Ahmad and  Alaa Assaf and  Rawan Khater and  Ali Salhi },
    year = {2020},
    title = {Models for Arabic Document Quality Assessment},
    url = {https://link.springer.com/chapter/10.1007/978-3-030-61146-0_24},
    booktitle = {BIS '20: International Conference on Business Information Systems},
}

@inproceedings{Hu2016_lr2013,
    author = {Xiao Hu and  Tzi-Dong Jeremy Ng and  Lu Tian and  Chi-Un Lei},
    year = {2016},
    title = {Automating assessment of collaborative writing quality in multiple stages: the case of wiki},
    url = {https://dl.acm.org/doi/abs/10.1145/2883851.2883963},
    booktitle = {LAK '16: International Conference on Learning Analytics \& Knowledge},
}

@inproceedings{Dalip2012_lr2014,
    author = {Daniel Hasan Dalip and  Marcos André Gonçalves and  Marco Cristo and  Pável Calado},
    year = {2012},
    title = {On MultiView-Based Meta-learning for Automatic Quality Assessment of Wiki Articles},
    url = {https://link.springer.com/chapter/10.1007/978-3-642-33290-6_26},
    booktitle = {TPDL '12: International Conference on Theory and Practice of Digital Libraries},
}

@inproceedings{Han2011_lr2015,
    author = {Jingyu Han and  Chuandong Wang and  Dawei Jiang },
    year = {2011},
    title = {Probabilistic Quality Assessment Based on Article’s Revision History},
    url = {https://link.springer.com/chapter/10.1007/978-3-642-23091-2_50},
    booktitle = {DEXA '11: International Conference on Database and Expert Systems Applications},
}

@inproceedings{Han2011_lr2016,
    author = {Jingyu Han and  Chuandong Wang and  Xiong Fu and  Kejia Chen},
    year = {2011},
    title = {Probabilistic Quality Assessment of Articles Based on Learning Editing Patterns},
    url = {https://ieeexplore.ieee.org/abstract/document/5973947},
    booktitle = {CSSS '11: International Conference on Computer Science and Service System},
}

@article{Olcer2022_lr2017,
    author = {Didem Ölçer and  Tuğba Taşkaya Temizel},
    year = {2022},
    title = {Quality assessment of web-based information on type 2 diabetes},
    url = {https://www.emerald.com/insight/content/doi/10.1108/OIR-02-2021-0089/full/html},
    journal = {Online Information Review},
    volume = {46},
    issue = {4},
    pages = {715-732},
}

@article{Li2022_lr2019,
    author = {Muyan Li and  Heshen Zhou and  Jingrui Hou and  Ping Wang and  Erpei Gao},
    year = {2022},
    title = {Is cross-linguistic advert flaw detection in Wikipedia feasible? A multilingual-BERT-based transfer learning approach},
    url = {https://www.sciencedirect.com/science/article/pii/S0950705122006670},
    journal = {Knowledge-Based Systems},
    volume = {252},
}

@inproceedings{Wohner2015_lr2022,
    author = {Thomas Wöhner and  Sebastian Köhler and  Ralf Peters},
    year = {2015},
    title = {Good Authors = Good Articles? - How Wikis Work},
    url = {https://aisel.aisnet.org/wi2015/59/?utm_source=aisel.aisnet.org%252Fwi2015%252F59%26utm_medium=PDF%26utm_campaign=PDFCoverPages},
    booktitle = {WI '15: International Conference on Wirtschaftsinformatik},
}

@inproceedings{Yu2018_lr2024,
    author = {Linfeng Yu and  Mizuho Iwaihara},
    year = {2018},
    title = {Finding high quality documents through link and click graphs},
    url = {https://ieeexplore.ieee.org/abstract/document/8693372},
    booktitle = {IIAI-AAI '18: International Congress on Advanced Applied Informatics},
}

@article{Magalhaes2019_lr2028,
    author = {Luiz Felipe Gonçalves Magalhães and  Marcos André Gonçalves and  Sérgio Daniel Canuto and  Daniel H. Dalip and  Marco Cristo and  Pável Calado},
    year = {2019},
    title = {Quality assessment of collaboratively-created web content with no manual intervention based on soft multi-view generation},
    url = {https://www.sciencedirect.com/science/article/pii/S0957417419302830},
    journal = {Expert Systems with Applications},
    volume = {132},
    pages = {226-238},
}

@article{Gopalan2016_lr2029,
    author = {Sindhuja Gopalan and  Paolo Rosso and  Sobha Lalitha Devi},
    year = {2016},
    title = {Discourse Connective - A Marker for Identifying Featured Articles in Biological Wikipedia},
    url = {https://www.researchgate.net/journal/Research-in-Computing-Science-1870-4069},
    journal = {Research in Computing Science},
    volume = {117},
    issue = {1},
    pages = {109-119},
}

@inproceedings{Xiao2013_lr2030,
    author = {Kui Xiao and  Bing Li and  Peng He and  Xi-hui Yang },
    year = {2013},
    title = {Detection of Article Qualities in the Chinese Wikipedia Based on C4.5 Decision Tree},
    url = {https://link.springer.com/chapter/10.1007/978-3-642-39787-5_36},
    booktitle = {KSEM '13: International Conference on Knowledge Science},
}